@book{Viswanath:2017:SPC:3152599,
 author = {Viswanath, Divakar},
 title = {Scientific Programming and Computer Architecture},
 year = {2017},
 isbn = {0262036290, 9780262036290},
 publisher = {The MIT Press},
} 

@misc{OMP,
  title = {OpenMP Summary Card},
  howpublished = {\url{http://www.openmp.org/wp-content/uploads/OpenMP-4.5-1115-CPP-web.pdf}},
  note = {Accessed: 2017-11-28},
}

@misc{LLNL,
  title = {OpenMP},
  howpublished = {\url{https://computing.llnl.gov/tutorials/openMP/}},
  note = {Accessed: 2017-11-28},
}

% example of an IETF reference
@misc{ietf-ipfix-protocol,
   Author = {B. Claise},
   Title = {{IPFIX} Protocol Specifications},
   Month = {December},
   Year = {2004},
   howpublished = {Internet-Draft, draft-ietf-ipfix-protocol-07}
}

% example of a conference proceedings reference
@inproceedings{snoeren2001hash,
   Author = {Snoeren, Alex C. and Partridge, Craig and Sanchez, Luis A. and Jones, Christine E. and Tchakountio, Fabrice and Kent, Stephen T. and Strayer, W. Timothy},
   Title = {Hash-Based {IP} Traceback},
   BookTitle = {ACM SIGCOMM 2001 Conference on Applications, Technologies, Architectures, and Protocols for Computer Communication},
 Year = {2001} }

% example of an article reference
@article{belenky2003ip,
   Author = {Belenky, A. and Ansari, N.},
   Title = {{IP} traceback with deterministic packet marking},
   Journal = {IEEE Communications Letters},
   Volume = {7},
   Number = {4},
   Pages = {162-164},
 Year = {2003} }

